<record><leader>00000cas a22000007a 4500</leader><controlfield tag="001">39374226</controlfield><controlfield tag="008">980630d19471951cauwr ne      0    0eng d</controlfield><datafield ind1=" " ind2=" " tag="010"><subfield code="a">sn 98061226 </subfield></datafield><datafield ind1=" " ind2=" " tag="040"><subfield code="a">CNK</subfield><subfield code="b">eng</subfield><subfield code="c">CNK</subfield><subfield code="d">OCL</subfield><subfield code="d">OCLCQ</subfield><subfield code="d">OCLCF</subfield><subfield code="d">OCLCO</subfield></datafield><datafield ind1="1" ind2=" " tag="029"><subfield code="a">AU@</subfield><subfield code="b">000014094641</subfield></datafield><datafield ind1=" " ind2=" " tag="042"><subfield code="a">msc</subfield></datafield><datafield ind1=" " ind2=" " tag="043"><subfield code="a">n-us-ca</subfield></datafield><datafield ind1="0" ind2="0" tag="245"><subfield code="a">San Diego labor AFL leader.</subfield></datafield><datafield ind1="1" ind2=" " tag="246"><subfield code="i">Occasionally published as:</subfield><subfield code="a">Labor leader San Diego</subfield><subfield code="f">Nov. 5, 1948-Apr. 15, 1949</subfield></datafield><datafield ind1="3" ind2=" " tag="246"><subfield code="a">Labor AFL leader</subfield></datafield><datafield ind1="1" ind2="7" tag="246"><subfield code="a">Labor leader</subfield></datafield><datafield ind1=" " ind2=" " tag="260"><subfield code="a">San Diego, Calif. :</subfield><subfield code="b">San Diego County Federated Trades and Labor Council</subfield></datafield><datafield ind1=" " ind2=" " tag="300"><subfield code="a">v.</subfield></datafield><datafield ind1=" " ind2=" " tag="310"><subfield code="a">Weekly</subfield></datafield><datafield ind1="0" ind2=" " tag="362"><subfield code="a">Vol. 5, no. 14 (Apr. 11, 1947)-v. 47, no. 52 (Nov. 22, 1951).</subfield></datafield><datafield ind1=" " ind2=" " tag="500"><subfield code="a">"San Diego" appears in small print above "Labor AFL" which appears in small print above and to the left of "Leader."</subfield></datafield><datafield ind1=" " ind2=" " tag="500"><subfield code="a">"Owned and operated by the San Diego County Federated Trades and Labor Council."</subfield></datafield><datafield ind1=" " ind2=" " tag="515"><subfield code="a">Numbering is irregular; v. numbering changes from v. 5 to v. 45, May 30, 1947; and, v. 45, 46 and 47 repeat.</subfield></datafield><datafield ind1=" " ind2=" " tag="550"><subfield code="a">Official publication of: San Diego County Central Labor Council.</subfield></datafield><datafield ind1=" " ind2="0" tag="650"><subfield code="a">Labor unions</subfield><subfield code="z">California</subfield><subfield code="z">San Diego County</subfield><subfield code="v">Newspapers.</subfield></datafield><datafield ind1=" " ind2="7" tag="655"><subfield code="a">Newspapers.</subfield><subfield code="2">fast</subfield><subfield code="0">(OCoLC)fst01423814</subfield></datafield><datafield ind1=" " ind2="7" tag="650"><subfield code="a">Labor unions.</subfield><subfield code="2">fast</subfield><subfield code="0">(OCoLC)fst00990260</subfield></datafield><datafield ind1=" " ind2="7" tag="651"><subfield code="a">California</subfield><subfield code="z">San Diego County.</subfield><subfield code="2">fast</subfield><subfield code="0">(OCoLC)fst01204290</subfield></datafield><datafield ind1="2" ind2=" " tag="710"><subfield code="a">San Diego County Central Labor Council.</subfield></datafield><datafield ind1="2" ind2=" " tag="710"><subfield code="a">San Diego County Federated Trades and Labor Council.</subfield></datafield><datafield ind1=" " ind2=" " tag="752"><subfield code="a">United States</subfield><subfield code="b">California</subfield><subfield code="c">San Diego</subfield><subfield code="d">San Diego.</subfield></datafield><datafield ind1="0" ind2="0" tag="780"><subfield code="t">Labor leader (San Diego, Calif. : 1917)</subfield><subfield code="w">(DLC)sn 95061015</subfield></datafield><datafield ind1="0" ind2="0" tag="785"><subfield code="t">Labor leader (San Diego, Calif. : 1951)</subfield><subfield code="w">(DLC)sn 98061227</subfield></datafield></record>